@inproceedings{goodfellow2014generative,
  title={Generative adversarial nets},
  author={Goodfellow, Ian and Pouget-Abadie, Jean and Mirza, Mehdi and Xu, Bing and Warde-Farley, David and Ozair, Sherjil and Courville, Aaron and Bengio, Yoshua},
  booktitle={Advances in neural information processing systems},
  pages={2672--2680},
  year={2014}
}

@article{arjovsky2017wasserstein,
  title={Wasserstein gan},
  author={Arjovsky, Martin and Chintala, Soumith and Bottou, L{\'e}on},
  journal={arXiv preprint arXiv:1701.07875},
  year={2017}
}

@inproceedings{
anonymous2020threehead,
title={Three-Head Neural Network Architecture for AlphaZero Learning},
author={Anonymous},
booktitle={Submitted to International Conference on Learning Representations},
year={2020},
url={https://openreview.net/forum?id=BJxvH1BtDS},
note={under review}
}

@article {AlphaZero,
	author = {Silver, David and Hubert, Thomas and Schrittwieser, Julian and Antonoglou, Ioannis and Lai, Matthew and Guez, Arthur and Lanctot, Marc and Sifre, Laurent and Kumaran, Dharshan and Graepel, Thore and Lillicrap, Timothy and Simonyan, Karen and Hassabis, Demis},
	title = {A general reinforcement learning algorithm that masters chess, shogi, and Go through self-play},
	volume = {362},
	number = {6419},
	pages = {1140--1144},
	year = {2018},
	doi = {10.1126/science.aar6404},
	publisher = {American Association for the Advancement of Science},
	issn = {0036-8075},
	URL = {https://science.sciencemag.org/content/362/6419/1140},
	eprint = {https://science.sciencemag.org/content/362/6419/1140.full.pdf},
	journal = {Science}
}

@article{guid2011using,
  title={Using heuristic-search based engines for estimating human skill at chess},
  author={Guid, Matej and Bratko, Ivan},
  journal={ICGA journal},
  volume={34},
  number={2},
  pages={71--81},
  year={2011},
  publisher={IOS Press}
}
